<record xmlns="http://www.loc.gov/MARC21/slim" xmlns:xsi="http://www.w3.org/2001/XMLSchema-instance" xsi:schemaLocation="http://www.loc.gov/MARC21/slim http://www.loc.gov/standards/marcxml/schema/MARC21slim.xsd"><leader>01410nam a2200325   4500</leader><controlfield tag="001">002818856</controlfield><controlfield tag="003">NNU</controlfield><controlfield tag="006">m        d        </controlfield><controlfield tag="007">cr cn |||m|||a</controlfield><controlfield tag="008">140707s1967    iq      ob    000 0barar</controlfield><datafield ind1=" " ind2=" " tag="040"><subfield code="a">NNU</subfield><subfield code="b">eng</subfield><subfield code="c">NNU</subfield></datafield><datafield ind1="0" ind2=" " tag="050"><subfield code="a">PJ7741.S2</subfield><subfield code="b">Z7</subfield></datafield><datafield ind1="1" ind2=" " tag="100"><subfield code="a">Kha&#7789;&#299;b, &#699;Abd All&#257;h.</subfield></datafield><datafield ind1="1" ind2="0" tag="245"><subfield code="a">&#7778;&#257;li&#7717; ibn &#699;Abd al-Qudd&#363;s al-Ba&#7779;r&#299;</subfield><subfield code="h">[electronic resource],</subfield><subfield code="c">ta&#700;l&#299;f wa-jam&#699; wa-ta&#7717;q&#299;q &#699;Abd All&#257;h al-Kha&#7789;&#299;b.</subfield></datafield><datafield ind1=" " ind2=" " tag="260"><subfield code="a">Baghd&#257;d,</subfield><subfield code="b">D&#257;r Mansh&#363;r&#257;t al-Ba&#7779;r&#299;,</subfield><subfield code="c">1967.</subfield></datafield><datafield ind1=" " ind2=" " tag="300"><subfield code="a">online resource (210 p.)</subfield></datafield><datafield ind1="1" ind2=" " tag="490"><subfield code="a">Tur&#257;thun&#257;</subfield></datafield><datafield ind1=" " ind2=" " tag="500"><subfield code="a">In Arabic.</subfield></datafield><datafield ind1=" " ind2=" " tag="500"><subfield code="a">Cover title: Salih Abdul Quddos al-Basri, by Abdullah al-Khatib.</subfield></datafield><datafield ind1=" " ind2=" " tag="500"><subfield code="a">Part of the Arabic Collections Online (ACO) project, contributed by New York Univeristy Libraries.</subfield></datafield><datafield ind1=" " ind2=" " tag="504"><subfield code="a">Bibliography: p. 179-190.</subfield></datafield><datafield ind1=" " ind2=" " tag="533"><subfield code="a">Electronic reproduction.</subfield><subfield code="b">New York, N.Y. :</subfield><subfield code="c">New York University,</subfield><subfield code="d">2014.</subfield><subfield code="5">NNU</subfield></datafield><datafield ind1="0" ind2="0" tag="600"><subfield code="a">&#7778;&#257;li&#7717; ibn &#699;Abd al-Qudd&#363;s,</subfield><subfield code="d">d. 783 or 4.</subfield><subfield code="t">D&#299;w&#257;n.</subfield></datafield><datafield ind1="2" ind2=" " tag="710"><subfield code="a">New York University.</subfield><subfield code="b">Libraries.</subfield></datafield><datafield ind1="0" ind2=" " tag="730"><subfield code="a">Arabic Collections Online.</subfield></datafield><datafield ind1="0" ind2=" " tag="740"><subfield code="a">Salih Abdul Quddos al-Basri.</subfield></datafield><datafield ind1="0" ind2="8" tag="776"><subfield code="i">Print version:</subfield><subfield code="a">Kha&#7789;&#299;b, &#699;Abd All&#257;h.</subfield><subfield code="t">&#7778;&#257;li&#7717; ibn &#699;Abd al-Qudd&#363;s al-Ba&#7779;r&#299;</subfield><subfield code="w">(NNU)002818856</subfield><subfield code="w">(DLC)NE 68003114</subfield></datafield><datafield ind1=" " ind2="0" tag="830"><subfield code="a">Tur&#257;thun&#257; (Cairo, Egypt)</subfield></datafield><datafield ind1="4" ind2="0" tag="856"><subfield code="u">http://hdl.handle.net/2333.1/msbcc4c4</subfield></datafield><datafield ind1=" " ind2=" " tag="959"><subfield code="a">NNU</subfield><subfield code="b">WEB</subfield><subfield code="c">GENI</subfield><subfield code="t">0</subfield><subfield code="m">Electronic access</subfield><subfield code="s">01</subfield></datafield></record>